<record><leader>00000cas a22000007a 4500</leader><controlfield tag="001">32600155</controlfield><controlfield tag="008">950606d19191953vauwr ne      0    0eng d</controlfield><datafield ind1=" " ind2=" " tag="010"><subfield code="a">sn 95079159 </subfield></datafield><datafield ind1=" " ind2=" " tag="040"><subfield code="a">NVK</subfield><subfield code="b">eng</subfield><subfield code="c">NVK</subfield><subfield code="d">OCLCQ</subfield><subfield code="d">OCLCF</subfield><subfield code="d">OCLCO</subfield></datafield><datafield ind1="1" ind2=" " tag="029"><subfield code="a">AU@</subfield><subfield code="b">000011783234</subfield></datafield><datafield ind1=" " ind2=" " tag="042"><subfield code="a">msc</subfield></datafield><datafield ind1=" " ind2=" " tag="043"><subfield code="a">n-us-va</subfield></datafield><datafield ind1="0" ind2=" " tag="130"><subfield code="a">Virginia star (Culpeper, Va.)</subfield></datafield><datafield ind1="1" ind2="4" tag="245"><subfield code="a">The Virginia star.</subfield></datafield><datafield ind1=" " ind2=" " tag="260"><subfield code="a">Culpeper, Va. :</subfield><subfield code="b">Rufus G. Roberts,</subfield><subfield code="c">1919-1953.</subfield></datafield><datafield ind1=" " ind2=" " tag="300"><subfield code="a">v.</subfield></datafield><datafield ind1=" " ind2=" " tag="310"><subfield code="a">Weekly</subfield></datafield><datafield ind1="0" ind2=" " tag="362"><subfield code="a">Vol. 1, no. 1 (June 27, 1919)-v. 34, no. 37 (Mar. 26, 1953).</subfield></datafield><datafield ind1=" " ind2="0" tag="651"><subfield code="a">Culpeper (Va.)</subfield><subfield code="v">Newspapers.</subfield></datafield><datafield ind1=" " ind2="7" tag="655"><subfield code="a">Newspapers.</subfield><subfield code="2">fast</subfield><subfield code="0">(OCoLC)fst01423814</subfield></datafield><datafield ind1=" " ind2="7" tag="651"><subfield code="a">Virginia</subfield><subfield code="z">Culpeper.</subfield><subfield code="2">fast</subfield><subfield code="0">(OCoLC)fst01214679</subfield></datafield><datafield ind1=" " ind2=" " tag="752"><subfield code="a">United States</subfield><subfield code="b">Virginia</subfield><subfield code="c">Culpeper</subfield><subfield code="d">Culpeper.</subfield></datafield><datafield ind1="0" ind2="7" tag="785"><subfield code="t">Culpeper exponent</subfield><subfield code="w">(DLC)sn 94059354</subfield></datafield><datafield ind1="0" ind2="7" tag="785"><subfield code="t">Culpeper star-exponent</subfield><subfield code="w">(DLC)sn 87060320</subfield></datafield></record>